<?xml version="1.0" encoding="UTF-8"?><collection xmlns="http://www.loc.gov/MARC21/slim"><record><leader>00445nam--2200133-i-4500</leader><controlfield tag="001">000011522</controlfield><controlfield tag="002">20161230</controlfield><controlfield tag="005">20161230201029</controlfield><controlfield tag="008">060222s1000------------r-----000-0-eng-d</controlfield><datafield ind1=" " ind2=" " tag="100"><subfield code="a">Aziz, A.K</subfield></datafield><datafield ind1=" " ind2=" " tag="245"><subfield code="a">The mathematical foundations of the finite element method with applications to partial differential equations. proceedings</subfield></datafield><datafield ind1=" " ind2=" " tag="260"><subfield code="a">Maryland Baltimore, Maryland, 1972 Xiii + 797 P</subfield></datafield><datafield ind1=" " ind2=" " tag="852"><subfield code="a">42739</subfield><subfield code="c">517.9</subfield></datafield><datafield ind1=" " ind2=" " tag="CAT"><subfield code="a">Sys</subfield><subfield code="c">20081022</subfield><subfield code="h">065910</subfield></datafield></record></collection>